@book{Bollier2014,
  author = {David Bollier},
  title = {Think Like a Commoner: A Short Introduction to the Life of the Commons},
  year = {2014},
  publisher = {New Society Publishers},
  isbn = {0865717680},
  link = {https://isbndb.com/book/0865717680},
  note = {A short introduction to a widely-used model of governance.}
}

@book{Brookfield2016,
  author = {Stephen D. Brookfield and Stephen Preskill},
  title = {The Discussion Book: 50 Great Ways to Get People Talking},
  year = {2016},
  publisher = {Jossey-Bass},
  isbn = {9781119049715},
  link = {https://isbndb.com/book/9781119049715},
  note = {Describes fifty different ways to get groups talking productively.}
}

@article{Minahan1986,
  doi = {10.1177/088610998600100206},
  url = {https://doi.org/10.1177/088610998600100206},
  year = {1986},
  month = jun,
  publisher = {{SAGE} Publications},
  volume = {1},
  number = {2},
  pages = {53--56},
  author = {Anne Minahan},
  title = {Martha's Rules},
  journal = {Affilia}
}

@misc{Troy2018,
  author = {Chelsea Troy},
  title = {Why Do Remote Meetings Suck So Much?},
  howpublished = {https://chelseatroy.com/2018/03/29/why-do-remote-meetings-suck-so-much/},
  year = {2018}
}
